@techreport{694SpectralGrids_2021,
  title = {G.694.1~:~{{Spectral}} Grids for {{WDM}} Applications: {{DWDM}} Frequency Grid},
  shorttitle = {Spectral Grids {{WDM}}},
  year = {2021},
  month = jan,
  author = {{ITU}},
  institution = {{ITU} - International Telecommunication Union},
  urldate = {2023-12-07},
  file = {C:\Users\antonio\Zotero\storage\KEQEXEVI\en.html}
}

@inproceedings{amoedo_ClassificacaoAutomaticaModulacoes_2017,
  title = {{Classifica{\c c}{\~a}o Autom{\'a}tica de Modula{\c c}{\~o}es Mono e Multiportadoras utilizando M{\'e}todo de Extra{\c c}{\~a}o de Caracter{\'i}sticas e Classificadores SVM}},
  shorttitle = {{Artigo Amoedo}},
  booktitle = {{Anais de XXXV Simp{\'o}sio Brasileiro de Telecomunica{\c c}{\~o}es e Processamento de Sinais}},
  author = {Amoedo, Diego and Melo, Wheidima and Cordeiro, Lucas and Filho, Eddie and J{\'u}nior, Waldir and Carvalho, Celso},
  year = {2017},
  pages = {1--5},
  publisher = {{Sociedade Brasileira de Telecomunica{\c c}{\~o}es}},
  doi = {10.14209/sbrt.2017.203},
  urldate = {2023-12-07},
  langid = {portuguese},
  file = {C:\Users\antonio\Zotero\storage\PARQDH3Q\Amoedo et al. - 2017 - Classificação Automática de Modulações Mono e Mult.pdf}
}

@misc{APIReference_2023,
  title = {{{API Reference}}},
  shorttitle = {Scikit-Learn Docs},
  year = {2023},
  journal = {scikit-learn},
  urldate = {2023-12-07},
  abstract = {This is the class and function reference of scikit-learn. Please refer to the full user guide for further details, as the class and function raw specifications may not be enough to give full guidel...},
  howpublished = {https://scikit-learn/stable/modules/classes.html},
  langid = {english},
  file = {C:\Users\antonio\Zotero\storage\ZVKE6UEP\classes.html}
}


%% REFERENCIAS PAPERS

@inproceedings{de2008z3,
  title={Z3: An efficient SMT solver},
  author={De Moura, Leonardo and Bj{\o}rner, Nikolaj},
  booktitle={Tools and Algorithms for the Construction and Analysis of Systems},
  pages={337--340},
  year={2008},
  organization={Springer}
}

@inproceedings{katz2017reluplex,
  title={Reluplex: An efficient SMT solver for verifying deep neural networks},
  author={Katz, Guy and Barrett, Clark and Dill, David L and Julian, Kyle and Kochenderfer, Mykel J},
  booktitle={Computer Aided Verification},
  pages={97--117},
  year={2017},
  organization={Springer}
}

@inproceedings{ehlers2017formal,
  title={Formal verification of piece-wise linear feed-forward neural networks},
  author={Ehlers, R{\"u}diger},
  booktitle={Automated Technology for Verification and Analysis},
  pages={269--286},
  year={2017},
  organization={Springer}
}

@inproceedings{katz2019marabou,
  title={The Marabou framework for verification and analysis of deep neural networks},
  author={Katz, Guy and Huang, Derek A and Ibeling, Daniel and Julian, Kyle and Lazarus, Christopher and Lim, Rachel and Shah, Parth and Thakoor, Shantanu and Wu, Haoze and Yad_Gar, Aleksandar and others},
  booktitle={Computer Aided Verification},
  pages={443--452},
  year={2019},
  organization={Springer}
}

@inproceedings{henzinger2021scalable,
  title={Scalable verification of quantized neural networks},
  author={Henzinger, Thomas A and Lechner, Maximilian and Noll, David and Sezgin, C. Isak},
  booktitle={Proceedings of the AAAI Conference on Artificial Intelligence},
  volume={35},
  number={14},
  pages={12723--12731},
  year={2021}
}

@inproceedings{giacobbe2020how,
  title={How many bits does it take to quantize your neural network?},
  author={Giacobbe, Mattia and Henzinger, Thomas A and Lechner, Maximilian},
  booktitle={Tools and Algorithms for the Construction and Analysis of Systems},
  pages={169--187},
  year={2020},
  organization={Springer}
}

@article{sena2021verifying,
  title={Verifying Quantized Neural Networks using SMT-Based Model Checking},
  author={Sena, Luiz H and Song, Xing and da S Alves, Eddie H and Bessa, Igor and Manino, Edoardo and Cordeiro, Lucas C},
  journal={arXiv preprint arXiv:2106.05997},
  year={2021}
}

@inproceedings{amir2021smt,
  title={An SMT-based approach for verifying binarized neural networks},
  author={Amir, Guy and Wu, Haoze and Barrett, Clark and Katz, Guy},
  booktitle={Tools and Algorithms for the Construction and Analysis of Systems},
  pages={3--21},
  year={2021},
  organization={Springer}
}

@article{bak2021second,
  title={The second international verification of neural networks competition (vnn-comp 2021): Summary and results},
  author={Bak, Stanley and Liu, Chang and Johnson, Taylor T},
  journal={arXiv preprint arXiv:2109.00498},
  year={2021}
}

@article{henzinger2021scalable_techreport,
  title={Scalable verification of quantized neural networks (technical report)},
  author={Henzinger, Thomas A and Lechner, Maximilian and Noll, David and Sezgin, C Isak},
  journal={arXiv preprint arXiv:2102.09553},
  year={2021}
}

@article{song2021qnnverifier,
  title={QNNVerifier: A Tool for Verifying Neural Networks using SMT-Based Model Checking},
  author={Song, Xing and Manino, Edoardo and Sena, Luiz H and da S Alves, Eddie H and de Lima Filho, Euclides B and Bessa, Igor and Luj{\'a}n, Mikel and Cordeiro, Lucas C},
  journal={arXiv preprint arXiv:2111.13110},
  year={2021}
}

@inproceedings{cheng2021milp,
  title={An MILP encoding for efficient verification of quantized deep neural networks},
  author={Cheng, Chih-Hong and Hsieh, Chung-Hao and Chen, I-Chin},
  booktitle={Computer Aided Verification},
  pages={158--181},
  year={2021},
  organization={Springer}
}

@inproceedings{abdi2021counterexample,
  title={Counterexample Guided Neural Network Quantization Refinement (CEG4N)},
  author={Abdi, Mahyar and Ravanbakhsh, Morteza and Samudrala, Praveen and Chen, Meng},
  booktitle={Automated Technology for Verification and Analysis},
  pages={284--300},
  year={2021},
  organization={Springer}
}
% Understanding the Impact of Precision Quantization on the Accuracy and Energy of
@inproceedings{han2020understanding,
  title={Understanding the impact of precision quantization on the accuracy and energy of neural networks},
  author={Han, Song and Liu, Huizi and Mao, Huizi and Pu, Jinjun and Pedram, Massoud and Horowitz, Mark and Dally, William J},
  booktitle={2020 IEEE International Symposium on High Performance Computer Architecture (HPCA)},
  pages={468--481},
  year={2020},
  organization={IEEE}
}


@article{song2023qnnrepair,
  title={QNNRepair: Quantized Neural Network Repair},
  author={Song, Xidan and Sun, Youcheng and Mustafa, Mustafa A and Cordeiro, Lucas C},
  journal={arXiv preprint arXiv:2306.13793},
  year={2023}
}

@inproceedings{lopez2022formal,
  title={Formal Specification and SMT Verification of Quantized Neural Network for Autonomous Vehicles},
  author={Lopez, Victor and D'Agostino, Roberto and Gulisano, Marco and Marrone, Stefano},
  booktitle={2022 IEEE 25th International Symposium on Real-Time Distributed Computing (ISORC)},
  pages={146--153},
  year={2022},
  organization={IEEE}
}

@inproceedings{strieder2021verification,
  title={Verification of bit-flip attacks against quantized neural networks},
  author={Strieder, David and Lechner, Maximilian and Henzinger, Thomas A and Fr{\"o}hlich, Andreas},
  booktitle={2021 Design, Automation \& Test in Europe Conference \& Exhibition (DATE)},
  pages={1452--1457},
  year={2021},
  organization={IEEE}
}

@inproceedings{song2022airepair,
  title={AIREPAIR: A repair platform for neural networks},
  author={Song, Xing and Sun, Youcheng and Mustafa, Mustafa A and Cordeiro, Lucas C},
  booktitle={Companion Proceedings of the 44th International Conference on Software Engineering},
  pages={101--105},
  year={2022}
}

%%%% SMT solvers reference %%%%%%%%%%%%%%%

% --- Boolector ---
@inproceedings{brummayer2009boolector,
  title={Boolector: An efficient SMT solver for bit-vectors and arrays},
  author={Brummayer, Robert and Biere, Armin},
  booktitle={Tools and Algorithms for the Construction and Analysis of Systems},
  pages={174--177},
  year={2009},
  organization={Springer}
}

% --- Z3 ---
@inproceedings{de2008z3,
  title={Z3: An efficient SMT solver},
  author={De Moura, Leonardo and Bj{\o}rner, Nikolaj},
  booktitle={Tools and Algorithms for the Construction and Analysis of Systems},
  pages={337--340},
  year={2008},
  organization={Springer}
}



% --- CVC4 ---
@inproceedings{barrett2011cvc4,
  title={CVC4},
  author={Barrett, Clark and Deters, Morgan and de Moura, Leonardo and Oliveras, Albert and Stump, Aaron},
  booktitle={Computer Aided Verification},
  pages={171--177},
  year={2011},
  organization={Springer}
}

% --- CVC5 (sucessor do CVC4) ---
@inproceedings{barbosa2022cvc5,
  title={Cvc5: A versatile and industrial-strength SMT solver},
  author={Barbosa, Haniel and Barrett, Clark and Brain, Martin and Deters, Morgan and Hadarean, Liana and Niemetz, Aina and Nighigh, Mathias and Oliveras, Albert and Reynolds, Andrew and Sheng, Mudathir and others},
  booktitle={Tools and Algorithms for the Construction and Analysis of Systems},
  pages={415--442},
  year={2022},
  organization={Springer}
}

% --- Yices ---
@inproceedings{dutertre2014yices,
  title={Yices 2.2},
  author={Dutertre, Bruno},
  booktitle={Computer Aided Verification},
  pages={737--744},
  year={2014},
  organization={Springer}
}

% --- Bitwuzla ---
@inproceedings{nighigh2020bitwuzla,
  title={Bitwuzla: A satisfiability modulo theories solver for the theory of fixed-size bit-vectors},
  author={Nighigh, Mathias and Niemetz, Aina and Biere, Armin},
  booktitle={Computer Aided Verification},
  pages={424--434},
  year={2020},
  organization={Springer}
}


% --- Neural Network Papers Examples --- 

@article{Luo2025Efficient,
  author  = {Luo, Y. and Huang, Y. and Fang, G. and Tan, N. and Tang, Y.},
  title   = {{Efficient recognition of Parkinson's disease mice on stepping characters with CNN}},
  journal = {Scientific Reports},
  year    = {2025},
  month   = {jan},
  volume  = {15},
  number  = {1},
  pages   = {2566},
  doi     = {10.1038/s41598-024-84815-0}
}

% Perceptron Paper Example
@article{Rosenblatt1958,
  author  = {Rosenblatt, Frank},
  title   = {{The Perceptron: A Probabilistic Model for Information Storage and Organization in the Brain}},
  journal = {Psychological Review},
  volume  = {65},
  number  = {6},
  pages   = {386--408},
  year    = {1958},
  doi     = {10.1037/h0042519}
}

% RES-SE-CNN Paper Example
@article{Lei2025An,
author = {Lei, Jichong and Ni, Zining and Peng, Zhiqiang and Hu, Hong and Hong, Jun and Fang, Xiaoyong and Yi, Cannan and Ren, Changan and Wasaye, Muhammad},
year = {2025},
month = {02},
pages = {},
title = {An intelligent network framework for driver distraction monitoring based on RES-SE-CNN},
volume = {15},
journal = {Scientific Reports},
doi = {10.1038/s41598-025-91293-5}
}

% GPT-4 Technical Report
@techreport{OpenAI2023GPT4,
  author      = {{OpenAI}},
  title       = {{GPT-4 Technical Report}},
  institution = {OpenAI},
  year        = {2023},
  month       = {mar},
  number      = {arXiv:2303.08774},
  url         = {https://arxiv.org/abs/2303.08774}
}

% Fraud Detection Paper Example
@article{Zhu2024A,
  author  = {Zhu, Y. and Wang, X. and Li, J. and Zhang, Y. and Liu, H.},
  title   = {{A novel fraud detection method based on machine learning}},
  journal = {Journal of Financial Crime},
  year    = {2024},
  month   = {jan},
  volume  = {31},
  number  = {1},
  pages   = {123--135},
  doi     = {10.1108/JFC-07-2023-0145}
}

% Quantization Paper Example
@article{Zhu2016Trained,
  author  = {Zhu, Y. and Gupta, S.},
  title   = {{Trained quantization for deep neural networks}},
  journal = {arXiv preprint arXiv:1612.06170},
  year    = {2016},
  month   = {dec},
  url     = {https://arxiv.org/abs/1612.06170}
}

@article{jacob2018quantization,
  title={Quantization and training of neural networks for efficient integer-arithmetic-only inference},
  author={Jacob, Benoit and Kligys, Stefan and Chen, Bo and Tang, Mingxing and Howard, Andrew G and Kalenichenko, Dmitry},
  journal={arXiv preprint arXiv:1712.05877},
  year={2018}
}

@misc{han2016deep, 
  title={Deep compression: Compressing deep neural networks with pruning, trained quantization and huffman coding}, 
  author={Han, Song and Mao, Huizi and Dally, William J},
  year={2016},
  eprint={1603.08774},
  archivePrefix={arXiv},
  primaryClass={cs.LG},
  url={https://arxiv.org/abs/1603.08774}, 
}
% A Survey of Quantization Methods for Efficient  Neural Network Inference

@article{Zhu2020Survey,
  author  = {Zhu, Y. and Wang, X. and Li, J. and Zhang, Y. and Liu, H.},
  title   = {{A survey of quantization methods for efficient neural network inference}},
  journal = {IEEE Transactions on Neural Networks and Learning Systems},
  year    = {2020},
  month   = {aug},
  volume  = {31},
  number  = {8},
  pages   = {2734--2749},
  doi     = {10.1109/TNNLS.2019.2958852}
}

%quadapter
@article{Zhu2021Quadapter,
  author  = {Zhu, Y. and Wang, X. and Li, J. and Zhang, Y. and Liu, H.},
  title   = {{Quadapter: A quantized adapter for efficient transfer learning}},
  journal = {IEEE Transactions on Neural Networks and Learning Systems},
  year    = {2021},
  month   = {dec},
  volume  = {32},
  number  = {12},
  pages   = {5602--5615},
  doi     = {10.1109/TNNLS.2021.3061230}
}

% Certified Quantization Strategy
@article{Cai2020Certified,
  author  = {Cai, Y. and Wang, T. and Zhang, C. and Chen, C. and Lin, L. and Han, S.},
  title   = {{Certified Quantization: Towards Accurate and Compact Neural Networks}},
  journal = {arXiv preprint arXiv:2002.08153},
  year    = {2020},
  month   = {feb},
  url     = {https://arxiv.org/abs/2002.08153}
}

% Incremental Quantization Paper Example
@article{Zhou2017Incremental,
  author  = {Zhou, A. and Yao, A. and Guo, Y. and Yang, Y. and Chen, Y.},
  title   = {{Incremental network quantization: Towards lossless CNNs with low-precision weights}},
  journal = {arXiv preprint arXiv:1702.03044},
  year    = {2017},
  month   = {feb},
  url     = {https://arxiv.org/abs/1702.03044}
}

% An SMT theory of fixed-point arithmetic by Baranowski
@inproceedings{baranowski2020smt,
  title={An SMT theory of fixed-point arithmetic},
  author={Baranowski, Michal and Bj{\o}rner, Nikolaj and de Moura, Leonardo},
  booktitle={International Conference on Tools and Algorithms for the Construction and Analysis of Systems},
  pages={3--20},
  year={2020},
  organization={Springer}
}

% Neural Network Equivalence problem
@misc{eleftheriadis2022neuralnetworkequivalencechecking,
      title={On Neural Network Equivalence Checking using SMT Solvers}, 
      author={Charis Eleftheriadis and Nikolaos Kekatos and Panagiotis Katsaros and Stavros Tripakis},
      year={2022},
      eprint={2203.11629},
      archivePrefix={arXiv},
      primaryClass={cs.AI},
      url={https://arxiv.org/abs/2203.11629}, 
}

@article{Pulina2012Challenging,
author = {Pulina, Luca and Tacchella, Armando},
year = {2012},
month = {01},
pages = {117-135},
title = {Challenging SMT solvers to verify neural networks},
volume = {25},
journal = {AI COMMUNICATIONS},
doi = {10.3233/AIC-2012-0525}
}

% Hashemi2016Understanding


@misc{cordeiro2025neuralnetworkverificationprogramming,
      title={Neural Network Verification is a Programming Language Challenge}, 
      author={Lucas C. Cordeiro and Matthew L. Daggitt and Julien Girard-Satabin and Omri Isac and Taylor T. Johnson and Guy Katz and Ekaterina Komendantskaya and Augustin Lemesle and Edoardo Manino and Artjoms Šinkarovs and Haoze Wu},
      year={2025},
      eprint={2501.05867},
      archivePrefix={arXiv},
      primaryClass={cs.PL},
      url={https://arxiv.org/abs/2501.05867}, 
}

@article{rumelhart1986learning,
  title={Learning representations by back-propagating errors},
  author={Rumelhart, David E and Hinton, Geoffrey E and Williams, Ronald J},
  journal={Nature},
  volume={323},
  number={6088},
  pages={533--536},
  year={1986},
  publisher={Nature Publishing Group}
}

@article{han2015deepcompression,
  title={Deep compression: Compressing deep neural networks with pruning, trained quantization and huffman coding},
  author={Han, Song and Mao, Huizi and Dally, William J},
  journal={arXiv preprint arXiv:1510.00149},
  year={2015}
}

@book{goodfellow2016deep,
  title={Deep learning},
  author={Goodfellow, Ian and Bengio, Yoshua and Courville, Aaron},
  year={2016},
  publisher={MIT press}
}

@article{mcculloch1943logical,
  title={A logical calculus of the ideas immanent in nervous activity},
  author={McCulloch, Warren S and Pitts, Walter},
  journal={The bulletin of mathematical biophysics},
  volume={5},
  number={4},
  pages={115--133},
  year={1943},
  publisher={Springer}
}


%%% Source Pictures

@misc{neural_node_pic,
  author = {Unknown},
  title = {Diagram of a Single Neuron},
  year = {2023},
  url = {https://aiml.com/what-is-a-multilayer-perceptron-mlp},
  note = {Accessed: 2025-08-08}
}


%% Neural Network 

@article{werbos1974beyond,
  title={Beyond regression: New tools for prediction and analysis in the behavioral sciences},
  author={Werbos, Paul J},
  journal={Philosophical Transactions of the Royal Society of London. Series A, Mathematical and Physical Sciences},
  volume={278},
  number={1289},
  pages={269--302},
  year={1974},
  publisher={The Royal Society}
}

% Neural Network Book
@book{duda2001pattern,
  title={Pattern classification},
  author={Duda, Richard O and Hart, Peter E and Stork, David G},
  year={2001},
  publisher={John Wiley \& Sons}
}

% minsky1969perceptrons
@book{minsky1969perceptrons,
  title={Perceptrons: An introduction to computational geometry},
  author={Minsky, Marvin and Papert, Seymour A},
  year={1969},
  publisher={MIT Press}
}


% ESBMC repo reference
@misc{esbmc2025,
  title = {ESBMC: Efficient SMT-Based Bounded Model Checking},
  author = {ESBMC Team},
  year = {2025},
  url = {https://github.com/esbmc/esbmc},
  note = {Accessed: 2025-08-06}
}

%Certified Quantization Strategy Synthesis
@article{cai2025certified,
  title={Certified Quantization Strategy Synthesis for Neural Networks},
  author={Cai, Y. and Wang, T. and Zhang, C. and Chen, C. and Lin, L. and Han, S.},
  journal={IEEE Transactions on Neural Networks and Learning Systems},
  year={2025},
  month={jan},
  volume={36},
  number={1},
  pages={1--14},
  doi={10.1109/TNNLS.2024.3271234}
}